<?xml version="1.0" encoding="UTF-8"?><collection xmlns="http://www.loc.gov/MARC21/slim"><record><leader>00635nam--2200181-i-4500</leader><controlfield tag="001">000027879</controlfield><controlfield tag="002">20161230</controlfield><controlfield tag="005">20161230201037</controlfield><controlfield tag="008">060222s1000------------r-----000-0-ger-d</controlfield><datafield ind1=" " ind2=" " tag="040"><subfield code="a">IFIN-HH</subfield></datafield><datafield ind1=" " ind2=" " tag="041"><subfield code="a">ger</subfield></datafield><datafield ind1=" " ind2=" " tag="080"><subfield code="a">53.081</subfield></datafield><datafield ind1="1" ind2=" " tag="100"><subfield code="a">Landolt-bornstein</subfield></datafield><datafield ind1="1" ind2="0" tag="245"><subfield code="a">Zahlenwerte und funktionen aus physik, chemie, astronomie, geophysik und technik. band. 4. technik. teil 4 warmetechnik. bandteil b. thermodynamische eigenschaften von gemischen verbrennung. warmeubertragung</subfield><subfield code="c">Landolt-bornstein</subfield></datafield><datafield ind1=" " ind2=" " tag="260"><subfield code="a">Berlin</subfield><subfield code="b">Springer Verlag</subfield><subfield code="c">1972</subfield></datafield><datafield ind1=" " ind2=" " tag="300"><subfield code="a">XXVIII+771P</subfield></datafield><datafield ind1=" " ind2=" " tag="852"><subfield code="a">10045</subfield><subfield code="c">53.081</subfield></datafield><datafield ind1=" " ind2=" " tag="CAT"><subfield code="a">Sys</subfield><subfield code="c">20151109</subfield><subfield code="h">154655</subfield></datafield></record></collection>